
@misc{schwab_apo_2012,
	title = {{APO} Theta Upsilon Chapter Website - Vision and Scope Document - Version 1.0},
	author = {Schwab, Devin and Chan, Jon},
	month = sep,
	year = {2012}
},

@misc{_flask_2010,
	title = {Flask - Web development, one drop at a time},
	url = {http://flask.pocoo.org/},
	journal = {Flask},
	year = {2010},
	howpublished = {http://flask.pocoo.org/}
},

@misc{google_quotas_2012,
	title = {Quotas - Google App Engine},
	url = {https://developers.google.com/appengine/docs/quotas#Resources},
	journal = {Google App Engine},
	author = {{{Google}}},
	month = sep,
	year = {2012},
	howpublished = {{https://developers.google.com/appengine/docs/quotas\#Resources}}
}

@misc{amazon_amazon_2012,
	title = {Amazon {EC2} Pricing},
	url = {http://aws.amazon.com/ec2/pricing/},
	journal = {Amazon Web Services},
	author = {{{Amazon}}},
	year = {2012},
	howpublished = {http://aws.amazon.com/ec2/pricing/}
}


@misc{heroku_heroku_2012,
	title = {Heroku {\textbar} Pricing},
	url = {http://www.heroku.com/pricing#1-0},
	journal = {Heroku},
	author = {{{Heroku}}},
	year = {2012},
	howpublished = {http://www.heroku.com/pricing\#1-0}
}